<?xml version="1.0" encoding="UTF-8"?><collection xmlns="http://www.loc.gov/MARC21/slim"><record><leader>00390nam--2200145-i-4500</leader><controlfield tag="001">000002396</controlfield><controlfield tag="002">20161230</controlfield><controlfield tag="005">20161230201025</controlfield><controlfield tag="008">060222s1000------------r-----000-0-eng-d</controlfield><datafield ind1=" " ind2=" " tag="080"><subfield code="a">517.518(075.8)</subfield></datafield><datafield ind1=" " ind2=" " tag="100"><subfield code="a">Fihtenholt, G. M</subfield></datafield><datafield ind1=" " ind2=" " tag="245"><subfield code="a">Curs de calcul diferential si integral</subfield></datafield><datafield ind1=" " ind2=" " tag="260"><subfield code="a">Bucuresti, Editura Tehnica, 1963. 552 P</subfield></datafield><datafield ind1=" " ind2=" " tag="852"><subfield code="a">9171</subfield><subfield code="c">517.2</subfield></datafield><datafield ind1=" " ind2=" " tag="CAT"><subfield code="a">Sys</subfield><subfield code="c">20080717</subfield><subfield code="h">073350</subfield></datafield></record></collection>